<?xml version="1.0" encoding="UTF-8"?><record xmlns="http://www.loc.gov/MARC21/slim" xmlns:cinclude="http://apache.org/cocoon/include/1.0" xmlns:zs="http://www.loc.gov/zing/srw/">
  <leader>00316nz  a2200121n  4500</leader>
  <controlfield tag="001">n  99042881 </controlfield>
  <controlfield tag="003">DLC</controlfield>
  <controlfield tag="005">19990609142909.7</controlfield>
  <controlfield tag="008">990609n| acannaab|          |n aaa |||  </controlfield>
  <datafield tag="010" ind1=" " ind2=" ">
    <subfield code="a">n  99042881 </subfield>
  </datafield>
  <datafield tag="040" ind1=" " ind2=" ">
    <subfield code="a">DLC</subfield>
    <subfield code="b">eng</subfield>
    <subfield code="c">DLC</subfield>
  </datafield>
  <datafield tag="100" ind1="1" ind2=" ">
    <subfield code="a">Wilkins, Vicki</subfield>
  </datafield>
  <datafield tag="670" ind1=" " ind2=" ">
    <subfield code="a">Home VCR repair illustrated, 1999:</subfield>
    <subfield code="b">CIP t.p. (Vicki Wilkins)</subfield>
  </datafield>
</record>